# Add paper referencees using bibtex format. This is a useful tool where
# you can insert the paper's DOI number and get the bibtex:
#
#	http://www.doi2bib.org/#/doi/10.1128/aem.01541-09
#

@article{Alegre2019,
  doi = {10.1186/s13059-019-1723-2},
  url = {https://doi.org/10.1186/s13059-019-1723-2},
  year = {2019},
  month = may,
  publisher = {Springer Science and Business Media {LLC}},
  volume = {20},
  number = {1},
  author = {Maria-Luisa Alegre},
  title = {Mouse microbiomes: overlooked culprits of experimental variability},
  journal = {Genome Biology}
}

@article{Azrad2018,
  doi = {10.1093/femspd/fty066},
  url = {https://doi.org/10.1093/femspd/fty066},
  year = {2018},
  month = aug,
  publisher = {Oxford University Press ({OUP})},
  volume = {76},
  number = {6},
  author = {Maya Azrad and Zohar Hamo and Linda Tkhawkho and Avi Peretz},
  title = {Elevated serum immunoglobulin A levels in patients with \textit{{C}lostridium difficile} infection are associated with mortality},
  journal = {Pathogens and Disease}
}

@article{Battaglioli2018,
  doi = {10.1126/scitranslmed.aam7019},
  url = {https://doi.org/10.1126/scitranslmed.aam7019},
  year = {2018},
  month = oct,
  publisher = {American Association for the Advancement of Science ({AAAS})},
  volume = {10},
  number = {464},
  pages = {eaam7019},
  author = {Eric J. Battaglioli and Vanessa L. Hale and Jun Chen and Patricio Jeraldo and Coral Ruiz-Mojica and Bradley A. Schmidt and Vayu M. Rekdal and Lisa M. Till and Lutfi Huq and Samuel A. Smits and William J. Moor and Yava Jones-Hall and Thomas Smyrk and Sahil Khanna and Darrell S. Pardi and Madhusudan Grover and Robin Patel and Nicholas Chia and Heidi Nelson and Justin L. Sonnenburg and Gianrico Farrugia and Purna C. Kashyap},
  title = {\textit{{C}lostridioides difficile} uses amino acids associated with gut microbial dysbiosis in a subset of patients with diarrhea},
  journal = {Science Translational Medicine}
}

@article{Baxter2014,
  doi = {10.1128/aem.02303-14},
  url = {https://doi.org/10.1128/aem.02303-14},
  year = {2014},
  month = oct,
  publisher = {American Society for Microbiology},
  volume = {81},
  number = {1},
  pages = {396--404},
  author = {Nielson T. Baxter and Judy J. Wan and Alyxandria M. Schubert and Matthew L. Jenior and Philip Myers and Patrick D. Schloss},
  editor = {K. E. Wommack},
  title = {Intra- and Interindividual Variations Mask Interspecies Variation in the Microbiota of Sympatric Peromyscus Populations},
  journal = {Applied and Environmental Microbiology}
}

@article{Best2012,
  doi = {10.4161/gmic.19526},
  url = {https://doi.org/10.4161/gmic.19526},
  year = {2012},
  month = mar,
  publisher = {Informa {UK} Limited},
  volume = {3},
  number = {2},
  pages = {145--167},
  author = {Emma L. Best and Jane Freeman and Mark H. Wilcox},
  title = {Models for the study of \textit{{C}lostridium difficile} infection},
  journal = {Gut Microbes}
}

@article{Buffie2011,
  doi = {10.1128/iai.05496-11},
  url = {https://doi.org/10.1128/iai.05496-11},
  year = {2011},
  month = oct,
  publisher = {American Society for Microbiology},
  volume = {80},
  number = {1},
  pages = {62--73},
  author = {Charlie G. Buffie and Irene Jarchum and Michele Equinda and Lauren Lipuma and Asia Gobourne and Agnes Viale and Carles Ubeda and Joao Xavier and Eric G. Pamer},
  editor = {B. A. McCormick},
  title = {Profound Alterations of Intestinal Microbiota following a Single Dose of Clindamycin Results in Sustained Susceptibility to \textit{{C}lostridium difficile}-Induced Colitis},
  journal = {Infection and Immunity}
}

@article{Buffie2014,
  doi = {10.1038/nature13828},
  url = {https://doi.org/10.1038/nature13828},
  year = {2014},
  month = oct,
  publisher = {Springer Science and Business Media {LLC}},
  volume = {517},
  number = {7533},
  pages = {205--208},
  author = {Charlie G. Buffie and Vanni Bucci and Richard R. Stein and Peter T. McKenney and Lilan Ling and Asia Gobourne and Daniel No and Hui Liu and Melissa Kinnebrew and Agnes Viale and Eric Littmann and Marcel R. M. van den Brink and Robert R. Jenq and Ying Taur and Chris Sander and Justin R. Cross and Nora C. Toussaint and Joao B. Xavier and Eric G. Pamer},
  title = {Precision microbiome reconstitution restores bile acid mediated resistance to \textit{{C}lostridium difficile}},
  journal = {Nature}
}

@article{Chen2008,
  doi = {10.1053/j.gastro.2008.09.002},
  url = {https://doi.org/10.1053/j.gastro.2008.09.002},
  year = {2008},
  month = dec,
  publisher = {Elsevier {BV}},
  volume = {135},
  number = {6},
  pages = {1984--1992},
  author = {Xinhua Chen and Kianoosh Katchar and Jeffrey D. Goldsmith and Nanda Nanthakumar and Adam Cheknis and Dale N. Gerding and Ciar{\'{a}}n P. Kelly},
  title = {A Mouse Model of \textit{{C}lostridium difficile}-Associated Disease},
  journal = {Gastroenterology}
}

@article{Cole2013,
  doi = {10.1093/nar/gkt1244},
  url = {https://doi.org/10.1093/nar/gkt1244},
  year = {2013},
  month = nov,
  publisher = {Oxford University Press ({OUP})},
  volume = {42},
  number = {D1},
  pages = {D633--D642},
  author = {James R. Cole and Qiong Wang and Jordan A. Fish and Benli Chai and Donna M. McGarrell and Yanni Sun and C. Titus Brown and Andrea Porras-Alfaro and Cheryl R. Kuske and James M. Tiedje},
  title = {Ribosomal Database Project: data and tools for high throughput {rRNA} analysis},
  journal = {Nucleic Acids Research}
}

@article{Collins2015,
  doi = {10.1186/s40168-015-0097-2},
  url = {https://doi.org/10.1186/s40168-015-0097-2},
  year = {2015},
  month = aug,
  publisher = {Springer Science and Business Media {LLC}},
  volume = {3},
  number = {1},
  author = {James Collins and Jennifer M. Auchtung and Laura Schaefer and Kathryn A. Eaton and Robert A. Britton},
  title = {Humanized microbiota mice as a model of recurrent \textit{{C}lostridium difficile} disease},
  journal = {Microbiome}
}

@article{Collins2018,
  doi = {10.1038/nature25178},
  url = {https://doi.org/10.1038/nature25178},
  year = {2018},
  month = jan,
  publisher = {Springer Science and Business Media {LLC}},
  volume = {553},
  number = {7688},
  pages = {291--294},
  author = {J. Collins and C. Robinson and H. Danhof and C. W. Knetsch and H. C. van Leeuwen and T. D. Lawley and J. M. Auchtung and R. A. Britton},
  title = {Dietary trehalose enhances virulence of epidemic \textit{{C}lostridium difficile}},
  journal = {Nature}
}

@article{Crobach2018,
  doi = {10.1128/cmr.00021-17},
  url = {https://doi.org/10.1128/cmr.00021-17},
  year = {2018},
  month = mar,
  publisher = {American Society for Microbiology},
  volume = {31},
  number = {2},
  author = {Monique J. T. Crobach and Jonathan J. Vernon and Vivian G. Loo and Ling Yuan Kong and S{\'{e}}verine P{\'{e}}chin{\'{e}} and Mark H. Wilcox and Ed J. Kuijper},
  title = {Understanding
		                    \textit{{C}lostridium difficile}
		                    Colonization},
  journal = {Clinical Microbiology Reviews}
}

@article{Duvallet2017,
  doi = {10.1038/s41467-017-01973-8},
  url = {https://doi.org/10.1038/s41467-017-01973-8},
  year = {2017},
  month = dec,
  publisher = {Springer Science and Business Media {LLC}},
  volume = {8},
  number = {1},
  author = {Claire Duvallet and Sean M. Gibbons and Thomas Gurry and Rafael A. Irizarry and Eric J. Alm},
  title = {Meta-analysis of gut microbiome studies identifies disease-specific and shared responses},
  journal = {Nature Communications}
}

@article{EtienneMesmin2017,
  doi = {10.1136/gutjnl-2016-313510},
  url = {https://doi.org/10.1136/gutjnl-2016-313510},
  year = {2017},
  month = feb,
  publisher = {{BMJ}},
  volume = {67},
  number = {5},
  pages = {860--871},
  author = {Lucie Etienne-Mesmin and Benoit Chassaing and Oluwaseyi Adekunle and Lisa M Mattei and Frederic D Bushman and Andrew T Gewirtz},
  title = {Toxin-positive \textit{{C}lostridium difficile} latently infect mouse colonies and protect against highly pathogenic \textit{{C}. difficile}},
  journal = {Gut}
}

@article{Fletcher2018,
  doi = {10.1128/msphere.00089-18},
  url = {https://doi.org/10.1128/msphere.00089-18},
  year = {2018},
  month = mar,
  publisher = {American Society for Microbiology},
  volume = {3},
  number = {2},
  author = {Joshua R. Fletcher and Samantha Erwin and Cristina Lanzas and Casey M. Theriot},
  editor = {Sarah E. F. D{\textquotesingle}Orazio},
  title = {Shifts in the Gut Metabolome and
		                    \textit{{C}lostridium difficile}
		                    Transcriptome throughout Colonization and Infection in a Mouse Model},
  journal = {{mSphere}}
}

@article{Fouladi2020,
  doi = {10.1038/s41396-020-0645-z},
  url = {https://doi.org/10.1038/s41396-020-0645-z},
  year = {2020},
  month = apr,
  publisher = {Springer Science and Business Media {LLC}},
  author = {Farnaz Fouladi and Elaine M. Glenny and Emily C. Bulik-Sullivan and Matthew C. B. Tsilimigras and Michael Sioda and Stephanie A. Thomas and Yunfei Wang and Zorka Djukic and Quyen Tang and Lisa M. Tarantino and Cynthia M. Bulik and Anthony A. Fodor and Ian M. Carroll},
  title = {Sequence variant analysis reveals poor correlations in microbial taxonomic abundance between humans and mice after gnotobiotic transfer},
  journal = {The {ISME} Journal}
}


@article{Fransen2015,
  doi = {10.1016/j.immuni.2015.08.011},
  url = {https://doi.org/10.1016/j.immuni.2015.08.011},
  year = {2015},
  month = sep,
  publisher = {Elsevier {BV}},
  volume = {43},
  number = {3},
  pages = {527--540},
  author = {Floris Fransen and Elena Zagato and Elisa Mazzini and Bruno Fosso and Caterina Manzari and Sahar El~Aidy and Andrea Chiavelli and Anna~Maria D'Erchia and Maya~K. Sethi and Oliver Pabst and Marinella Marzano and Silvia Moretti and Luigina Romani and Giuseppe Penna and Graziano Pesole and Maria Rescigno},
  title = {{BALB}/c and {C}57{BL}/6 Mice Differ in Polyreactive {IgA} Abundance,  which Impacts the Generation of Antigen-Specific {IgA} and Microbiota Diversity},
  journal = {Immunity}
}

@article{Ge2018,
  doi = {10.1038/s41598-018-25927-2},
  url = {https://doi.org/10.1038/s41598-018-25927-2},
  year = {2018},
  month = may,
  publisher = {Springer Science and Business Media {LLC}},
  volume = {8},
  number = {1},
  author = {Zhongming Ge and Alexander Sheh and Yan Feng and Sureshkumar Muthupalani and Lili Ge and Chuanwu Wang and Susanna Kurnick and Anthony Mannion and Mark T. Whary and James G. Fox},
  title = {\textit{{H}elicobacter pylori}-infected {C}57{BL}/6 mice with different gastrointestinal microbiota have contrasting gastric pathology,  microbial and host immune responses},
  journal = {Scientific Reports}
}

@article{Guh2018,
  doi = {10.7326/aitc201810020},
  url = {https://doi.org/10.7326/aitc201810020},
  year = {2018},
  month = oct,
  publisher = {American College of Physicians},
  volume = {169},
  number = {7},
  pages = {ITC49},
  author = {Alice Y. Guh and Preeta K. Kutty},
  title = {\textit{{C}lostridioides difficile} Infection}},
  journal = {Annals of Internal Medicine}
}

@article{Hryckowian2018,
  doi = {10.1038/s41564-018-0150-6},
  url = {https://doi.org/10.1038/s41564-018-0150-6},
  year = {2018},
  month = apr,
  publisher = {Springer Science and Business Media {LLC}},
  volume = {3},
  number = {6},
  pages = {662--669},
  author = {Andrew J. Hryckowian and William Van Treuren and Samuel A. Smits and Nicole M. Davis and Jackson O. Gardner and Donna M. Bouley and Justin L. Sonnenburg},
  title = {Microbiota-accessible carbohydrates suppress \textit{{C}lostridium difficile} infection in a murine model},
  journal = {Nature Microbiology}
}

@article{Hutton2014,
  doi = {10.1111/1574-6968.12367},
  url = {https://doi.org/10.1111/1574-6968.12367},
  year = {2014},
  month = jan,
  publisher = {Oxford University Press ({OUP})},
  volume = {352},
  number = {2},
  pages = {140--149},
  author = {Melanie L. Hutton and Kate E. Mackin and Anjana Chakravorty and Dena Lyras},
  title = {Small animal models for the study of \textit{{C}lostridium difficile} disease pathogenesis},
  journal = {{FEMS} Microbiology Letters}
}

@article{Ivanov2009,
  doi = {10.1016/j.cell.2009.09.033},
  url = {https://doi.org/10.1016/j.cell.2009.09.033},
  year = {2009},
  month = oct,
  publisher = {Elsevier {BV}},
  volume = {139},
  number = {3},
  pages = {485--498},
  author = {Ivaylo I. Ivanov and Koji Atarashi and Nicolas Manel and Eoin L. Brodie and Tatsuichiro Shima and Ulas Karaoz and Dongguang Wei and Katherine C. Goldfarb and Clark A. Santee and Susan V. Lynch and Takeshi Tanoue and Akemi Imaoka and Kikuji Itoh and Kiyoshi Takeda and Yoshinori Umesaki and Kenya Honda and Dan R. Littman},
  title = {Induction of Intestinal Th17 Cells by Segmented Filamentous Bacteria},
  journal = {Cell}
}

@article{Jenior2017,
  doi = {10.1128/msystems.00063-17},
  url = {https://doi.org/10.1128/msystems.00063-17},
  year = {2017},
  month = jul,
  publisher = {American Society for Microbiology},
  volume = {2},
  number = {4},
  author = {Matthew L. Jenior and Jhansi L. Leslie and Vincent B. Young and Patrick D. Schloss},
  editor = {Peter J. Turnbaugh},
  title = {\textit{{C}lostridium difficile}
                        Colonizes Alternative Nutrient Niches during Infection across Distinct Murine Gut Microbiomes},
  journal = {{mSystems}}
}

@article{Jenior2018,
  doi = {10.1128/msphere.00261-18},
  url = {https://doi.org/10.1128/msphere.00261-18},
  year = {2018},
  month = jun,
  publisher = {American Society for Microbiology},
  volume = {3},
  number = {3},
  author = {Matthew L. Jenior and Jhansi L. Leslie and Vincent B. Young and Patrick D. Schloss},
  editor = {Susannah Green Tringe},
  title = {\textit{{C}lostridium difficile}
                        Alters the Structure and Metabolism of Distinct Cecal Microbiomes during Initial Infection To Promote Sustained Colonization},
  journal = {{mSphere}}
}

@article{Jump2014,
  doi = {10.1371/journal.pone.0101267},
  url = {https://doi.org/10.1371/journal.pone.0101267},
  year = {2014},
  month = jul,
  publisher = {Public Library of Science ({PLoS})},
  volume = {9},
  number = {7},
  pages = {e101267},
  author = {Robin L. P. Jump and Alex Polinkovsky and Kelly Hurless and Brett Sitzlar and Kevin Eckart and Myreen Tomas and Abhishek Deshpande and Michelle M. Nerandzic and Curtis J. Donskey},
  editor = {Daniel Paredes-Sabja},
  title = {Metabolomics Analysis Identifies Intestinal Microbiota-Derived Biomarkers of Colonization Resistance in Clindamycin-Treated Mice},
  journal = {{PLoS} {ONE}}
}

@article{Kelly2012,
  doi = {10.1111/1469-0691.12046},
  url = {https://doi.org/10.1111/1469-0691.12046},
  year = {2012},
  publisher = {Elsevier {BV}},
  volume = {18},
  pages = {21--27},
  author = {C.P. Kelly},
  title = {Can we identify patients at high risk of recurrent \textit{{C}lostridium difficile} infection?},
  journal = {Clinical Microbiology and Infection}
}

@article{Khanna2016,
  doi = {10.1111/apt.13750},
  url = {https://doi.org/10.1111/apt.13750},
  year = {2016},
  month = aug,
  publisher = {Wiley},
  volume = {44},
  number = {7},
  pages = {715--727},
  author = {S. Khanna and E. Montassier and B. Schmidt and R. Patel and D. Knights and D. S. Pardi and P. C. Kashyap},
  title = {Gut microbiome predictors of treatment response and recurrence in primary \textit{{C}lostridium difficile} infection},
  journal = {Alimentary Pharmacology {\&} Therapeutics}
}

@article{Kozich2013,
  doi = {10.1128/aem.01043-13},
  url = {https://doi.org/10.1128/aem.01043-13},
  year = {2013},
  month = jun,
  publisher = {American Society for Microbiology},
  volume = {79},
  number = {17},
  pages = {5112--5120},
  author = {James J. Kozich and Sarah L. Westcott and Nielson T. Baxter and Sarah K. Highlander and Patrick D. Schloss},
  title = {Development of a Dual-Index Sequencing Strategy and Curation Pipeline for Analyzing Amplicon Sequence Data on the {MiSeq} Illumina Sequencing Platform},
  journal = {Applied and Environmental Microbiology}
}

@article{Kuhn2008,
  doi = {10.18637/jss.v028.i05},
  url = {https://doi.org/10.18637/jss.v028.i05},
  year = {2008},
  publisher = {Foundation for Open Access Statistic},
  volume = {28},
  number = {5},
  author = {Max Kuhn},
  title = {Building Predictive Models {inRUsing} {thecaretPackage}},
  journal = {Journal of Statistical Software}
}

@article{Lai2020,
  doi = {10.1016/j.cell.2019.11.014},
  url = {https://doi.org/10.1016/j.cell.2019.11.014},
  year = {2020},
  month = jan,
  publisher = {Elsevier {BV}},
  volume = {180},
  number = {1},
  pages = {33--49.e22},
  author = {Nicole Y. Lai and Melissa A. Musser and Felipe A. Pinho-Ribeiro and Pankaj Baral and Amanda Jacobson and Pingchuan Ma and David E. Potts and Zuojia Chen and Donggi Paik and Salima Soualhi and Yiqing Yan and Aditya Misra and Kaitlin Goldstein and Valentina N. Lagomarsino and Anja Nordstrom and Kisha N. Sivanathan and Antonia Wallrapp and Vijay K. Kuchroo and Roni Nowarski and Michael N. Starnbach and Hailian Shi and Neeraj K. Surana and Dingding An and Chuan Wu and Jun R. Huh and Meenakshi Rao and Isaac M. Chiu},
  title = {Gut-Innervating Nociceptor Neurons Regulate Peyer's Patch Microfold Cells and {SFB} Levels to Mediate \textit{{S}almonella} Host Defense},
  journal = {Cell}
}

@article{Lawley2009,
  doi = {10.1128/iai.00558-09},
  url = {https://doi.org/10.1128/iai.00558-09},
  year = {2009},
  month = jun,
  publisher = {American Society for Microbiology},
  volume = {77},
  number = {9},
  pages = {3661--3669},
  author = {Trevor D. Lawley and Simon Clare and Alan W. Walker and David Goulding and Richard A. Stabler and Nicholas Croucher and Piero Mastroeni and Paul Scott and Claire Raisen and Lynda Mottram and Neil F. Fairweather and Brendan W. Wren and Julian Parkhill and Gordon Dougan},
  title = {Antibiotic Treatment of \textit{{C}lostridium difficile} Carrier Mice Triggers a Supershedder State,  Spore-Mediated Transmission,  and Severe Disease in Immunocompromised Hosts},
  journal = {Infection and Immunity}
}

@article{Lawley2012,
  doi = {10.1371/journal.ppat.1002995},
  url = {https://doi.org/10.1371/journal.ppat.1002995},
  year = {2012},
  month = oct,
  publisher = {Public Library of Science ({PLoS})},
  volume = {8},
  number = {10},
  pages = {e1002995},
  author = {Trevor D. Lawley and Simon Clare and Alan W. Walker and Mark D. Stares and Thomas R. Connor and Claire Raisen and David Goulding and Roland Rad and Fernanda Schreiber and Cordelia Brandt and Laura J. Deakin and Derek J. Pickard and Sylvia H. Duncan and Harry J. Flint and Taane G. Clark and Julian Parkhill and Gordon Dougan},
  editor = {Michael S. Gilmore},
  title = {Targeted Restoration of the Intestinal Microbiota with a Simple,  Defined Bacteriotherapy Resolves Relapsing \textit{{C}lostridium difficile} Disease in Mice},
  journal = {{PLoS} Pathogens}
}

@article{Lawley2013,
  doi = {10.1016/j.anaerobe.2013.09.008},
  url = {https://doi.org/10.1016/j.anaerobe.2013.09.008},
  year = {2013},
  month = dec,
  publisher = {Elsevier {BV}},
  volume = {24},
  pages = {94--97},
  author = {Trevor D. Lawley and Vincent B. Young},
  title = {Murine models to study \textit{{C}lostridium difficile} infection and transmission},
  journal = {Anaerobe}
}

@article{Lee2020,
  doi = {10.1093/ibd/izz335},
  url = {https://doi.org/10.1093/ibd/izz335},
  year = {2020},
  month = jan,
  publisher = {Oxford University Press ({OUP})},
  author = {Allen A Lee and Krishna Rao and Julajak Limsrivilai and Merritt Gillilland and Benjamin Malamet and Emily Briggs and Vincent B Young and Peter D R Higgins},
  title = {Temporal Gut Microbial Changes Predict Recurrent \textit{{C}lostridioides difficile} Infection in Patients With and Without Ulcerative Colitis},
  journal = {Inflammatory Bowel Diseases}
}

@article{Mancabelli2017,
  doi = {10.1093/femsec/fix153},
  url = {https://doi.org/10.1093/femsec/fix153},
  year = {2017},
  month = nov,
  publisher = {Oxford University Press ({OUP})},
  volume = {93},
  number = {12},
  author = {Leonardo Mancabelli and Christian Milani and Gabriele Andrea Lugli and Francesca Turroni and Deborah Cocconi and Douwe van Sinderen and Marco Ventura},
  title = {Identification of universal gut microbial biomarkers of common human intestinal diseases by meta-analysis},
  journal = {{FEMS} Microbiology Ecology}
}

@article{Markey2018,
  doi = {10.1080/19490976.2018.1465158},
  url = {https://doi.org/10.1080/19490976.2018.1465158},
  year = {2018},
  month = apr,
  publisher = {Informa {UK} Limited},
  pages = {1--13},
  author = {Laura Markey and Lamyaa Shaban and Erin R. Green and Katherine P. Lemon and Joan Mecsas and Carol A. Kumamoto},
  title = {Pre-colonization with the commensal fungus Candida albicans reduces murine susceptibility to \textit{{C}lostridium difficile} infection},
  journal = {Gut Microbes}
}

@article{McKee2018,
  doi = {10.1128/iai.00943-17},
  url = {https://doi.org/10.1128/iai.00943-17},
  year = {2018},
  month = feb,
  publisher = {American Society for Microbiology},
  volume = {86},
  number = {5},
  author = {Robert W. McKee and Naira Aleksanyan and Elizabeth M. Garrett and Rita Tamayo},
  editor = {Vincent B. Young},
  title = {Type {IV} Pili Promote
		                    \textit{{C}lostridium difficile}
		                    Adherence and Persistence in a Mouse Model of Infection},
  journal = {Infection and Immunity}
}

@article{Mims2020,
  doi = {10.1096/fasebj.2020.34.s1.09906},
  url = {https://doi.org/10.1096/fasebj.2020.34.s1.09906},
  year = {2020},
  month = apr,
  publisher = {Wiley},
  volume = {34},
  number = {S1},
  pages = {1--1},
  author = {Tahliyah S. Mims and Qusai Al Abdallah and Sydney Watts and Catrina White and Joan Han and Kent A. Willis and Joseph Francis Pierre},
  title = {Variability in interkingdom gut microbiomes between different commercial vendors shapes fat gain in response to diet},
  journal = {The {FASEB} Journal}
}

@article{Mullish2019,
  doi = {10.1136/gutjnl-2018-317842},
  url = {https://doi.org/10.1136/gutjnl-2018-317842},
  year = {2019},
  month = feb,
  publisher = {{BMJ}},
  volume = {68},
  number = {10},
  pages = {1791--1800},
  author = {Benjamin H Mullish and Julie A K McDonald and Alexandros Pechlivanis and Jessica R Allegretti and Dina Kao and Grace F Barker and Diya Kapila and Elaine O Petrof and Susan A Joyce and Cormac G M Gahan and Izabela Glegola-Madejska and Horace R T Williams and Elaine Holmes and Thomas B Clarke and Mark R Thursz and Julian R Marchesi},
  title = {Microbial bile salt hydrolases mediate the efficacy of faecal microbiota transplant in the treatment of recurrent \textit{{C}lostridioides difficile} infection},
  journal = {Gut}
}

@article{NagaoKitamoto2020,
  doi = {10.1038/s41591-020-0764-0},
  url = {https://doi.org/10.1038/s41591-020-0764-0},
  year = {2020},
  month = feb,
  publisher = {Springer Science and Business Media {LLC}},
  volume = {26},
  number = {4},
  pages = {608--617},
  author = {Hiroko Nagao-Kitamoto and Jhansi L. Leslie and Sho Kitamoto and Chunsheng Jin and Kristina A. Thomsson and Merritt G. Gillilland and Peter Kuffa and Yoshiyuki Goto and Robert R. Jenq and Chiharu Ishii and Akiyoshi Hirayama and Anna M. Seekatz and Eric C. Martens and Kathryn A. Eaton and John Y. Kao and Shinji Fukuda and Peter D. R. Higgins and Niclas G. Karlsson and Vincent B. Young and Nobuhiko Kamada},
  title = {Interleukin-22-mediated host glycosylation prevents \textit{{C}lostridioides difficile} infection by modulating the metabolic activity of the gut microbiota},
  journal = {Nature Medicine}
}

@article{Nagpal2018,
  doi = {10.3389/fmicb.2018.02897},
  url = {https://doi.org/10.3389/fmicb.2018.02897},
  year = {2018},
  month = nov,
  publisher = {Frontiers Media {SA}},
  volume = {9},
  author = {Ravinder Nagpal and Shaohua Wang and Leah C. Solberg Woods and Osborne Seshie and Stephanie T. Chung and Carol A. Shively and Thomas C. Register and Suzanne Craft and Donald A. McClain and Hariom Yadav},
  title = {Comparative Microbiome Signatures and Short-Chain Fatty Acids in Mouse,  Rat,  Non-human Primate,  and Human Feces},
  journal = {Frontiers in Microbiology}
}

@article{Nguyen2015,
  doi = {10.1242/dmm.017400},
  url = {https://doi.org/10.1242/dmm.017400},
  year = {2015},
  month = jan,
  publisher = {The Company of Biologists},
  volume = {8},
  number = {1},
  pages = {1--16},
  author = {T. L. A. Nguyen and S. Vieira-Silva and A. Liston and J. Raes},
  title = {How informative is the mouse for human gut microbiota research?},
  journal = {Disease Models {\&} Mechanisms}
}

@article{Osbelt2020,
  doi = {10.1371/journal.ppat.1008448},
  url = {https://doi.org/10.1371/journal.ppat.1008448},
  year = {2020},
  month = mar,
  publisher = {Public Library of Science ({PLoS})},
  volume = {16},
  number = {3},
  pages = {e1008448},
  author = {Lisa Osbelt and Sophie Thiemann and Nathiana Smit and Till Robin Lesker and Madita Schr\"{o}ter and Eric J. C. G{\'{a}}lvez and Kerstin Schmidt-Hohagen and Marina C. Pils and Sabrina M\"{u}hlen and Petra Dersch and Karsten Hiller and Dirk Schl\"{u}ter and Meina Neumann-Schaal and Till Strowig},
  editor = {Andreas J. Baumler},
  title = {Variations in microbiota composition of laboratory mice influence \textit{{C}itrobacter rodentium} infection via variable short-chain fatty acid production},
  journal = {{PLOS} Pathogens}
}

@article{Ott2017,
  doi = {10.1053/j.gastro.2016.11.010},
  url = {https://doi.org/10.1053/j.gastro.2016.11.010},
  year = {2017},
  month = mar,
  publisher = {Elsevier {BV}},
  volume = {152},
  number = {4},
  pages = {799--811.e7},
  author = {Stephan J. Ott and Georg H. Waetzig and Ateequr Rehman and Jacqueline Moltzau-Anderson and Richa Bharti and Juris A. Grasis and Liam Cassidy and Andreas Tholey and Helmut Fickenscher and Dirk Seegert and Philip Rosenstiel and Stefan Schreiber},
  title = {Efficacy of Sterile Fecal Filtrate Transfer for Treating Patients With \textit{{C}lostridium difficile} Infection},
  journal = {Gastroenterology}
}

@article{Pakpour2017,
  doi = {10.1186/s40168-017-0368-1},
  url = {https://doi.org/10.1186/s40168-017-0368-1},
  year = {2017},
  month = nov,
  publisher = {Springer Science and Business Media {LLC}},
  volume = {5},
  number = {1},
  author = {Sepideh Pakpour and Amit Bhanvadia and Roger Zhu and Abhimanyu Amarnani and Sean M. Gibbons and Thomas Gurry and Eric J. Alm and Laura A. Martello},
  title = {Identifying predictive features of \textit{{C}lostridium difficile} infection recurrence before,  during,  and after primary antibiotic treatment},
  journal = {Microbiome}
}

@article{Quast2012,
  doi = {10.1093/nar/gks1219},
  url = {https://doi.org/10.1093/nar/gks1219},
  year = {2012},
  month = nov,
  publisher = {Oxford University Press ({OUP})},
  volume = {41},
  number = {D1},
  pages = {D590--D596},
  author = {Christian Quast and Elmar Pruesse and Pelin Yilmaz and Jan Gerken and Timmy Schweer and Pablo Yarza and J\"{o}rg Peplies and Frank Oliver Gl\"{o}ckner},
  title = {The {SILVA} ribosomal {RNA} gene database project: improved data processing and web-based tools},
  journal = {Nucleic Acids Research}
}

@article{Quigley2019,
  doi = {10.3389/fmicb.2019.00273},
  url = {https://doi.org/10.3389/fmicb.2019.00273},
  year = {2019},
  month = feb,
  publisher = {Frontiers Media {SA}},
  volume = {10},
  author = {Lisa Quigley and Mair{\'{e}}ad Coakley and Debebe Alemayehu and Mary C. Rea and Patrick G. Casey and {\'{O}}rla O'Sullivan and Eileen Murphy and Barry Kiely and Paul D. Cotter and Colin Hill and R. Paul Ross},
  title = {\textit{{L}actobacillus gasseri} {APC} 678 Reduces Shedding of the Pathogen \textit{{C}lostridium difficile} in a Murine Model},
  journal = {Frontiers in Microbiology}
}

@article{Rasmussen2019,
  doi = {10.3390/v11050435},
  url = {https://doi.org/10.3390/v11050435},
  year = {2019},
  month = may,
  publisher = {{MDPI} {AG}},
  volume = {11},
  number = {5},
  pages = {435},
  author = {Torben S{\o}lbeck Rasmussen and Liv de Vries and Witold Kot and Lars Hestbjerg Hansen and Josu{\'{e}} L. Castro-Mej{\'{i}}a and Finn Kvist Vogensen and Axel Kornerup Hansen and Dennis Sandris Nielsen},
  title = {Mouse Vendor Influence on the Bacterial and Viral Gut Composition Exceeds the Effect of Diet},
  journal = {Viruses}
}

@article{Reeves2011,
  doi = {10.4161/gmic.2.3.16333},
  url = {https://doi.org/10.4161/gmic.2.3.16333},
  year = {2011},
  month = may,
  publisher = {Informa {UK} Limited},
  volume = {2},
  number = {3},
  pages = {145--158},
  author = {Angela E. Reeves and Casey M. Theriot and Ingrid L. Bergin and Gary B. Huffnagle and Patrick D. Schloss and Vincent B. Young},
  title = {The interplay between microbiome dynamics and pathogen dynamics in a murine model of \textit{{C}lostridium difficile} infection}},
  journal = {Gut Microbes}
}

@article{Robinson2014,
  doi = {10.1128/iai.01524-14},
  url = {https://doi.org/10.1128/iai.01524-14},
  year = {2014},
  month = apr,
  publisher = {American Society for Microbiology},
  volume = {82},
  number = {7},
  pages = {2815--2825},
  author = {Catherine D. Robinson and Jennifer M. Auchtung and James Collins and Robert A. Britton},
  editor = {B. A. McCormick},
  title = {Epidemic \textit{{C}lostridium difficile} Strains Demonstrate Increased Competitive Fitness Compared to Nonepidemic Isolates},
  journal = {Infection and Immunity}
}

@article{Robinson2019,
  doi = {10.1172/jci126905},
  url = {https://doi.org/10.1172/jci126905},
  year = {2019},
  month = aug,
  publisher = {American Society for Clinical Investigation},
  volume = {129},
  number = {9},
  pages = {3792--3806},
  author = {John I. Robinson and William H. Weir and Jan R. Crowley and Tiffany Hink and Kimberly A. Reske and Jennie H. Kwon and Carey-Ann D. Burnham and Erik R. Dubberke and Peter J. Mucha and Jeffrey P. Henderson},
  title = {Metabolomic networks connect host-microbiome processes to human \textit{{C}lostridioides difficile} infections},
  journal = {Journal of Clinical Investigation}
}

@article{Rolig2013,
  doi = {10.1128/iai.00044-13},
  url = {https://doi.org/10.1128/iai.00044-13},
  year = {2013},
  month = feb,
  publisher = {American Society for Microbiology},
  volume = {81},
  number = {5},
  pages = {1382--1389},
  author = {Annah S. Rolig and Cynthia Cech and Ethan Ahler and J. Elliot Carter and Karen M. Ottemann},
  editor = {S. R. Blanke},
  title = {The Degree of \textit{{H}elicobacter pylori}-Triggered Inflammation Is Manipulated by Preinfection Host Microbiota},
  journal = {Infection and Immunity}
}

@article{Saleh2019,
  doi = {10.1016/j.chom.2019.03.003},
  url = {https://doi.org/10.1016/j.chom.2019.03.003},
  year = {2019},
  month = may,
  publisher = {Elsevier {BV}},
  volume = {25},
  number = {5},
  pages = {756--765.e5},
  author = {Mahmoud M. Saleh and Alyse L. Frisbee and Jhansi L. Leslie and Erica L. Buonomo and Carrie A. Cowardin and Jennie Z. Ma and Morgan E. Simpson and Kenneth W. Scully and Mayuresh M. Abhyankar and William A. Petri},
  title = {Colitis-Induced Th17 Cells Increase the Risk for Severe Subsequent \textit{{C}lostridium difficile} Infection},
  journal = {Cell Host {\&} Microbe}
}

@article{Schloss2009,
  doi = {10.1128/aem.01541-09},
  url = {https://doi.org/10.1128/aem.01541-09},
  year = {2009},
  month = oct,
  publisher = {American Society for Microbiology},
  volume = {75},
  number = {23},
  pages = {7537--7541},
  author = {P. D. Schloss and S. L. Westcott and T. Ryabin and J. R. Hall and M. Hartmann and E. B. Hollister and R. A. Lesniewski and B. B. Oakley and D. H. Parks and C. J. Robinson and J. W. Sahl and B. Stres and G. G. Thallinger and D. J. Van Horn and C. F. Weber},
  title = {Introducing mothur: Open-Source,  Platform-Independent,  Community-Supported Software for Describing and Comparing Microbial Communities},
  journal = {Applied and Environmental Microbiology}
}

@article {Schuberte01021-14,
  author = {Schubert, Alyxandria M. and Rogers, Mary A. M. and Ring, Cathrin and Mogle, Jill and Petrosino, Joseph P. and Young, Vincent B. and Aronoff, David M. and Schloss, Patrick D.},
  editor = {Fraser, Claire M.},
  title = {Microbiome Data Distinguish Patients with \textit{{C}lostridium difficile} Infection and Non-\textit{{C}. difficile}-Associated Diarrhea from Healthy Controls},
  volume = {5},
  number = {3},
  elocation-id = {e01021-14},
  year = {2014},
  doi = {10.1128/mBio.01021-14},
  publisher = {American Society for Microbiology},
  URL = {https://mbio.asm.org/content/5/3/e01021-14},
  eprint = {https://mbio.asm.org/content/5/3/e01021-14.full.pdf},
  journal = {mBio}
}

@article{Schubert2015,
  doi = {10.1128/mbio.00974-15},
  url = {https://doi.org/10.1128/mbio.00974-15},
  year = {2015},
  month = jul,
  publisher = {American Society for Microbiology},
  volume = {6},
  number = {4},
  author = {Alyxandria M. Schubert and Hamide Sinani and Patrick D. Schloss},
  editor = {Claire M. Fraser},
  title = {Antibiotic-Induced Alterations of the Murine Gut Microbiota and Subsequent Effects on Colonization Resistance against \textit{{C}lostridium difficile}},
  journal = {{mBio}}
}

@article{Seekatz2016,
  doi = {10.1186/s13073-016-0298-8},
  url = {https://doi.org/10.1186/s13073-016-0298-8},
  year = {2016},
  month = apr,
  publisher = {Springer Science and Business Media {LLC}},
  volume = {8},
  number = {1},
  author = {Anna Maria Seekatz and Krishna Rao and Kavitha Santhosh and Vincent Bensan Young},
  title = {Dynamics of the fecal microbiome in patients with recurrent and nonrecurrent \textit{{C}lostridium difficile} infection},
  journal = {Genome Medicine}
}

@article{Spinler2016,
  doi = {10.1016/j.anaerobe.2016.05.008},
  url = {https://doi.org/10.1016/j.anaerobe.2016.05.008},
  year = {2016},
  month = aug,
  publisher = {Elsevier {BV}},
  volume = {40},
  pages = {54--57},
  author = {Jennifer K. Spinler and Aaron Brown and Can{\'{a}} L. Ross and Prapaporn Boonma and Margaret E. Conner and Tor C. Savidge},
  title = {Administration of probiotic kefir to mice with \textit{{C}lostridium difficile} infection exacerbates disease},
  journal = {Anaerobe}
}

@article{Stewart2019,
  doi = {10.1128/msphere.00454-19},
  url = {https://doi.org/10.1128/msphere.00454-19},
  year = {2019},
  month = aug,
  publisher = {American Society for Microbiology},
  volume = {4},
  number = {4},
  author = {David B. Stewart and Justin R. Wright and Maria Fowler and Christopher J. McLimans and Vasily Tokarev and Isabella Amaniera and Owen Baker and Hoi-Tong Wong and Jeff Brabec and Rebecca Drucker and Regina Lamendella},
  editor = {Rosa Krajmalnik-Brown},
  title = {Integrated Meta-omics Reveals a Fungus-Associated Bacteriome and Distinct Functional Pathways in \textit{{C}lostridioides difficile} Infection},
  journal = {{mSphere}}
}

@article{Stough2016,
  doi = {10.3389/fmicb.2016.01520},
  url = {https://doi.org/10.3389/fmicb.2016.01520},
  year = {2016},
  month = sep,
  publisher = {Frontiers Media {SA}},
  volume = {7},
  author = {Joshua M. A. Stough and Stephen P. Dearth and Joshua E. Denny and Gary R. LeCleir and Nathan W. Schmidt and Shawn R. Campagna and Steven W. Wilhelm},
  title = {Functional Characteristics of the Gut Microbiome in {C}57{BL}/6 Mice Differentially Susceptible to \textit{{P}lasmodium yoelii}},
  journal = {Frontiers in Microbiology}
}

@article{Stroke2018,
  doi = {10.1128/aac.00107-18},
  url = {https://doi.org/10.1128/aac.00107-18},
  year = {2018},
  month = feb,
  publisher = {American Society for Microbiology},
  volume = {62},
  number = {5},
  author = {Ilana L. Stroke and Jeffrey J. Letourneau and Teresa E. Miller and Yan Xu and Igor Pechik and Diana R. Savoly and Linh Ma and Laurie J. Sturzenbecker and Joan Sabalski and Philip D. Stein and Maria L. Webb and David W. Hilbert},
  title = {Treatment of
		                    \textit{{C}lostridium difficile}
		                    Infection with a Small-Molecule Inhibitor of Toxin {UDP}-Glucose Hydrolysis Activity},
  journal = {Antimicrobial Agents and Chemotherapy}
}

@article{Sze2019,
  doi = {10.1128/msphere.00163-19},
  url = {https://doi.org/10.1128/msphere.00163-19},
  year = {2019},
  month = may,
  publisher = {American Society for Microbiology},
  volume = {4},
  number = {3},
  author = {Marc A. Sze and Patrick D. Schloss},
  editor = {Katherine McMahon},
  title = {The Impact of {DNA} Polymerase and Number of Rounds of Amplification in {PCR} on 16S {rRNA} Gene Sequence Data},
  journal = {{mSphere}}
}

@article{Teng2019,
  doi = {10.7150/ijms.30739},
  url = {https://doi.org/10.7150/ijms.30739},
  year = {2019},
  publisher = {Ivyspring International Publisher},
  volume = {16},
  number = {5},
  pages = {630--635},
  author = {Chengwen Teng and Kelly R. Reveles and Obiageri O. Obodozie-Ofoegbu and Christopher R. Frei},
  title = {\textit{{C}lostridium difficile} Infection Risk with Important Antibiotic Classes: An Analysis of the {FDA} Adverse Event Reporting System},
  journal = {International Journal of Medical Sciences}
}

@article{Thiemann2017,
  doi = {10.1016/j.chom.2017.05.005},
  url = {https://doi.org/10.1016/j.chom.2017.05.005},
  year = {2017},
  month = jun,
  publisher = {Elsevier {BV}},
  volume = {21},
  number = {6},
  pages = {682--694.e5},
  author = {Sophie Thiemann and Nathiana Smit and Urmi Roy and Till Robin Lesker and Eric J.C. G{\'{a}}lvez and Julia Helmecke and Marijana Basic and Andre Bleich and Andrew L. Goodman and Ulrich Kalinke and Richard A. Flavell and Marc Erhardt and Till Strowig},
  title = {Enhancement of {IFN}gamma Production by Distinct Commensals Ameliorates \textit{{S}almonella}-Induced Disease},
  journal = {Cell Host {\&} Microbe}
}

@Article{Tidyverse2019,
    title = {Welcome to the {tidyverse}},
    author = {Hadley Wickham and Mara Averick and Jennifer Bryan and Winston Chang and Lucy D'Agostino McGowan and Romain François and Garrett Grolemund and Alex Hayes and Lionel Henry and Jim Hester and Max Kuhn and Thomas Lin Pedersen and Evan Miller and Stephan Milton Bache and Kirill Müller and Jeroen Ooms and David Robinson and Dana Paige Seidel and Vitalie Spinu and Kohske Takahashi and Davis Vaughan and Claus Wilke and Kara Woo and Hiroaki Yutani},
    year = {2019},
    journal = {Journal of Open Source Software},
    volume = {4},
    number = {43},
    pages = {1686},
    doi = {10.21105/joss.01686},
}

@article{Tomkovich2019,
  doi = {10.1128/msphere.00693-19},
  url = {https://doi.org/10.1128/msphere.00693-19},
  year = {2019},
  month = nov,
  publisher = {American Society for Microbiology},
  volume = {4},
  number = {6},
  author = {Sarah Tomkovich and Nicholas A. Lesniak and Yuan Li and Lucas Bishop and Madison J. Fitzgerald and Patrick D. Schloss},
  editor = {Patricia A. Bradford},
  title = {The Proton Pump Inhibitor Omeprazole Does Not Promote \textit{{C}lostridioides difficile} Colonization in a Murine Model},
  journal = {{mSphere}}
}

@article{Topcuoglu2020,
  doi = {10.1128/mbio.00434-20},
  url = {https://doi.org/10.1128/mbio.00434-20},
  year = {2020},
  month = jun,
  publisher = {American Society for Microbiology},
  volume = {11},
  number = {3},
  author = {Beg\"{u}m D. Top{\c{c}}uo{\u{g}}lu and Nicholas A. Lesniak and Mack T. Ruffin and Jenna Wiens and Patrick D. Schloss},
  editor = {Martin J. Blaser},
  title = {A Framework for Effective Application of Machine Learning to Microbiome-Based Classification Problems},
  journal = {{mBio}}
}

@article{VanInsberghe2020,
  doi = {10.1038/s41564-020-0668-2},
  url = {https://doi.org/10.1038/s41564-020-0668-2},
  year = {2020},
  month = feb,
  publisher = {Springer Science and Business Media {LLC}},
  volume = {5},
  number = {4},
  pages = {642--650},
  author = {David VanInsberghe and Joseph A. Elsherbini and Bernard Varian and Theofilos Poutahidis and Susan Erdman and Martin F. Polz},
  title = {Diarrhoeal events can trigger long-term \textit{{C}lostridium difficile} colonization with recurrent blooms},
  journal = {Nature Microbiology}
}

@article{Velazquez2019,
  doi = {10.1038/s41564-019-0407-8},
  url = {https://doi.org/10.1038/s41564-019-0407-8},
  year = {2019},
  month = mar,
  publisher = {Springer Science and Business Media {LLC}},
  volume = {4},
  number = {6},
  pages = {1057--1064},
  author = {Eric M. Velazquez and Henry Nguyen and Keaton T. Heasley and Cheng H. Saechao and Lindsey M. Gil and Andrew W. L. Rogers and Brittany M. Miller and Matthew R. Rolston and Christopher A. Lopez and Yael Litvak and Megan J. Liou and Franziska Faber and Denise N. Bronner and Connor R. Tiffany and Mariana X. Byndloss and Austin J. Byndloss and Andreas J. B\"{a}umler},
  title = {Endogenous {E}nterobacteriaceae underlie variation in susceptibility to \textit{{S}almonella} infection},
  journal = {Nature Microbiology}
}

@article{Wang2019,
  doi = {10.3389/fmicb.2019.00887},
  url = {https://doi.org/10.3389/fmicb.2019.00887},
  year = {2019},
  month = apr,
  publisher = {Frontiers Media {SA}},
  volume = {10},
  author = {Jingjing Wang and Tao Lang and Jian Shen and Juanjuan Dai and Ling Tian and Xingpeng Wang},
  title = {Core Gut Bacteria Analysis of Healthy Mice},
  journal = {Frontiers in Microbiology}
}

@article{Walter2020,
  doi = {10.1016/j.cell.2019.12.025},
  url = {https://doi.org/10.1016/j.cell.2019.12.025},
  year = {2020},
  month = jan,
  publisher = {Elsevier {BV}},
  volume = {180},
  number = {2},
  pages = {221--232},
  author = {Jens Walter and Anissa M. Armet and B. Brett Finlay and Fergus Shanahan},
  title = {Establishing or Exaggerating Causality for the Gut Microbiome: Lessons from Human Microbiota-Associated Rodents},
  journal = {Cell}
}

@article{Westcott2017,
  doi = {10.1128/mspheredirect.00073-17},
  url = {https://doi.org/10.1128/mspheredirect.00073-17},
  year = {2017},
  month = mar,
  publisher = {American Society for Microbiology},
  volume = {2},
  number = {2},
  author = {Sarah L. Westcott and Patrick D. Schloss},
  editor = {Katherine McMahon},
  title = {{OptiClust},  an Improved Method for Assigning Amplicon-Based Sequence Data to Operational Taxonomic Units},
  journal = {{mSphere}}
}


@article{Xiao2015,
  doi = {10.1038/nbt.3353},
  url = {https://doi.org/10.1038/nbt.3353},
  year = {2015},
  month = sep,
  publisher = {Springer Science and Business Media {LLC}},
  volume = {33},
  number = {10},
  pages = {1103--1108},
  author = {Liang Xiao and Qiang Feng and Suisha Liang and Si Brask Sonne and Zhongkui Xia and Xinmin Qiu and Xiaoping Li and Hua Long and Jianfeng Zhang and Dongya Zhang and Chuan Liu and Zhiwei Fang and Joyce Chou and Jacob Glanville and Qin Hao and Dorota Kotowska and Camilla Colding and Tine Rask Licht and Donghai Wu and Jun Yu and Joseph Jao Yiu Sung and Qiaoyi Liang and Junhua Li and Huijue Jia and Zhou Lan and Valentina Tremaroli and Piotr Dworzynski and H Bj{\o}rn Nielsen and Fredrik B\"{a}ckhed and Joël Dor{\'{e}} and Emmanuelle Le Chatelier and S Dusko Ehrlich and John C Lin and Manimozhiyan Arumugam and Jun Wang and Lise Madsen and Karsten Kristiansen},
  title = {A catalog of the mouse gut metagenome},
  journal = {Nature Biotechnology}
}

@article{Yamaguchi2020,
  doi = {10.1016/j.jiac.2019.12.020},
  url = {https://doi.org/10.1016/j.jiac.2019.12.020},
  year = {2020},
  month = may,
  publisher = {Elsevier {BV}},
  volume = {26},
  number = {5},
  pages = {483--491},
  author = {Tetsuo Yamaguchi and Hiroe Konishi and Kotaro Aoki and Yoshikazu Ishii and Koji Chono and Kazuhiro Tateda},
  title = {The gut microbiome diversity of \textit{{C}lostridioides difficile}-inoculated mice treated with vancomycin and fidaxomicin},
  journal = {Journal of Infection and Chemotherapy}
}

@article{Yue2005,
  doi = {10.1080/sta-200066418},
  url = {https://doi.org/10.1080/sta-200066418},
  year = {2005},
  month = nov,
  publisher = {Informa {UK} Limited},
  volume = {34},
  number = {11},
  pages = {2123--2131},
  author = {Jack C. Yue and Murray K. Clayton},
  title = {A Similarity Measure Based on Species Proportions},
  journal = {Communications in Statistics - Theory and Methods}
}

@article{Zacharioudakis2015,
  doi = {10.1038/ajg.2015.22},
  url = {https://doi.org/10.1038/ajg.2015.22},
  year = {2015},
  month = mar,
  publisher = {Ovid Technologies (Wolters Kluwer Health)},
  volume = {110},
  number = {3},
  pages = {381--390},
  author = {Ioannis M Zacharioudakis and Fainareti N Zervou and Elina Eleftheria Pliakos and Panayiotis D Ziakas and Eleftherios Mylonakis},
  title = {Colonization With Toxinogenic \textit{{C}. difficile} Upon Hospital Admission,  and Risk of Infection: A Systematic Review and Meta-Analysis},
  journal = {American Journal of Gastroenterology}
}

@article{Zhang2015,
  doi = {10.1016/j.anaerobe.2015.03.008},
  url = {https://doi.org/10.1016/j.anaerobe.2015.03.008},
  year = {2015},
  month = aug,
  publisher = {Elsevier {BV}},
  volume = {34},
  pages = {1--7},
  author = {Lihua Zhang and Danfeng Dong and Cen Jiang and Zhen Li and Xuefeng Wang and Yibing Peng},
  title = {Insight into alteration of gut microbiota in \textit{{C}lostridium difficile} infection and asymptomatic C. difficile colonization},
  journal = {Anaerobe}
}

@article{Zuo2017,
  doi = {10.1136/gutjnl-2017-313952},
  url = {https://doi.org/10.1136/gutjnl-2017-313952},
  year = {2017},
  month = may,
  publisher = {{BMJ}},
  pages = {gutjnl--2017--313952},
  author = {Tao Zuo and Sunny H Wong and Kelvin Lam and Rashid Lui and Kitty Cheung and Whitney Tang and Jessica Y L Ching and Paul K S Chan and Martin C W Chan and Justin C Y Wu and Francis K L Chan and Jun Yu and Joseph J Y Sung and Siew C Ng},
  title = {Bacteriophage transfer during faecal microbiota transplantation in \textit{{C}lostridium difficile} infection is associated with treatment outcome},
  journal = {Gut}
}

@article{Zuo2018,
  doi = {10.1038/s41467-018-06103-6},
  url = {https://doi.org/10.1038/s41467-018-06103-6},
  year = {2018},
  month = sep,
  publisher = {Springer Science and Business Media {LLC}},
  volume = {9},
  number = {1},
  author = {Tao Zuo and Sunny H. Wong and Chun Pan Cheung and Kelvin Lam and Rashid Lui and Kitty Cheung and Fen Zhang and Whitney Tang and Jessica Y. L. Ching and Justin C. Y. Wu and Paul K. S. Chan and Joseph J. Y. Sung and Jun Yu and Francis K. L. Chan and Siew C. Ng},
  title = {Gut fungal dysbiosis correlates with reduced efficacy of fecal microbiota transplantation in \textit{{C}lostridium difficile} infection},
  journal = {Nature Communications}
}

@Manual{r_citation_2018,
    title = {R: A Language and Environment for Statistical Computing},
    author = {{R Core Team}},
    organization = {R Foundation for Statistical Computing},
    address = {Vienna, Austria},
    year = {2018},
    url = {https://www.R-project.org/},
}

@Manual{Vegan2018,
    title = {vegan: Community Ecology Package},
    author = {Jari Oksanen and F. Guillaume Blanchet and Michael Friendly and Roeland Kindt and Pierre Legendre and Dan McGlinn and Peter R. Minchin and R. B. O'Hara and Gavin L. Simpson and Peter Solymos and M. Henry H. Stevens and Eduard Szoecs and Helene Wagner},
    year = {2018},
    note = {R package version 2.5-2},
    url = {https://CRAN.R-project.org/package=vegan},
}
